@article{johnson2012web,
  title={Web content mining techniques: a survey},
  author={Johnson, Faustina and Gupta, Santosh Kumar},
  journal={International Journal of Computer Applications},
  volume={47},
  number={11},
  year={2012},
  publisher={Citeseer}
}

@article{dastidar2016intelligent,
  title={An intelligent survey of personalized information retrieval using web scraper},
  author={Dastidar, Bhaskar Ghosh and Banerjee, Devanjan and Sengupta, Subhabrata},
  journal={International Journal of Education and Management Engineering},
  volume={6},
  number={5},
  pages={24--31},
  year={2016},
  publisher={Modern Education and Computer Science Press}
}

@article{sirisuriya2015comparative,
  title={A comparative study on web scraping},
  author={Sirisuriya, De S and others},
  year={2015}
}

@article{landers2016primer,
  title={A primer on theory-driven web scraping: Automatic extraction of big data from the Internet for use in psychological research.},
  author={Landers, Richard N and Brusso, Robert C and Cavanaugh, Katelyn J and Collmus, Andrew B},
  journal={Psychological methods},
  volume={21},
  number={4},
  pages={475},
  year={2016},
  publisher={American Psychological Association}
}

@article{krotov2018legality,
  title={Legality and ethics of web scraping},
  author={Krotov, Vlad and Silva, Leiser},
  year={2018}
}

@online{isWSLegal,
    author = {Daniel Ni},
    title = {Is Web Scraping Legal?},
    url  = "https://www.scraperapi.com/blog/is-web-scraping-legal/",
    keywords = "webscraping, legal"
}

@book{gorunescu2011data,
title={Data Mining: Concepts, models and techniques},
author={Gorunescu, Florin},
volume={12},
year={2011},
publisher={Springer Science \& Business Media}
}